@conference {948,
	title = {Approaching the Efficient Frontier: Cooperative Database Retrieval Using High-Dimensional Skylines},
	booktitle = {10th International Conference on Database Systems for Advanced Applications (DASFAA 2005)},
	year = {2005},
	publisher = {Springer },
	organization = {Springer },
	address = {Beijing, China},
	abstract = {Cooperative database retrieval is a challenging problem: top k retrieval delivers manageable results only when a suitable compensation function (e.g. a weighted mean) is explicitly given. On the other hand skyline queries offer intuitive querying to users, but result set sizes grow exponentially and hence can easily exceed manageable levels. We show how to combine the advantages of skyline queries and top k retrieval in an interactive query processing scheme using user feedback on a manageable, representative sample of the skyline set to derive most adequate weightings for subsequent focused top k retrieval. Hence, each user{\textquoteright}s information needs are conveniently and intuitively obtained, and only a limited set of best matching objects is returned. We will demonstrate our scheme{\textquoteright}s efficient performance, manageable result sizes, and representativeness of the skyline. We will also show how to effectively estimate users{\textquoteright} compensation functions using their feedback. Our approach thus paves the way to intuitive and efficient cooperative retrieval with vague query predicates.},
	attachments = {http://www.ifis.cs.tu-bs.de/sites/default/files/biblio/dasfaa05_pdf_39828.pdf},
	author = {Wolf-Tilo Balke and Jason Xin Zheng and Ulrich G\"untzer}
}

@ARTICLE{5467078, 
author={I. Bartolini and Z. Zhang and D. Papadias}, 
journal={IEEE Transactions on Knowledge and Data Engineering}, 
title={Collaborative Filtering with Personalized Skylines}, 
year={2011}, 
volume={23}, 
number={2}, 
pages={190-203}, 
keywords={approximation theory;groupware;approximate method;collaborative filtering system;exact skyline processing;top-k personalized skyline;Behavioral science;Collaboration;Cost function;Information filtering;Information filters;Motion pictures;Recommender systems;User centered design;Skyline;collaborative filtering.}, 
doi={10.1109/TKDE.2010.86}, 
ISSN={1041-4347}, 
month={Feb}
}

@inproceedings{BAS11,
   author = {Christian Beecks and Ira Assent and Thomas Seidl},
   title = {Content-Based Multimedia Retrieval in the Presence of Unknown User Preferences},
   booktitle = {Proc. 17th International Conference on MultiMedia Modeling (MMM 2011), Taipei, Taiwan},
   publisher = {Springer},
   address = {Heidelberg, Germany},
   year = {2011},
   pages = {140-150}
}


@inproceedings{borzsony2001skyline,
  title={The skyline operator},
  author={Borzsony, Stephan and Kossmann, Donald and Stocker, Konrad},
  booktitle={Data Engineering, 2001. Proceedings. 17th International Conference on},
  pages={421--430},
  year={2001},
  organization={IEEE}
}

@inproceedings{Chan:2006:FKS:1142473.1142530,
 author = {Chan, Chee-Yong and Jagadish, H. V. and Tan, Kian-Lee and Tung, Anthony K. H. and Zhang, Zhenjie},
 title = {Finding K-dominant Skylines in High Dimensional Space},
 booktitle = {Proceedings of the 2006 ACM SIGMOD International Conference on Management of Data},
 series = {SIGMOD '06},
 year = {2006},
 isbn = {1-59593-434-0},
 location = {Chicago, IL, USA},
 pages = {503--514},
 numpages = {12},
 url = {http://doi.acm.org/10.1145/1142473.1142530},
 doi = {10.1145/1142473.1142530},
 acmid = {1142530},
 publisher = {ACM},
 address = {New York, NY, USA},
 keywords = {data mining, high dimensional space, k-dominant, query processing, ranking, skyline}
}

@inproceedings{Chan:2006:HDS:2117976.2118017,
 author = {Chan, Chee-Yong and Jagadish, H. V. and Tan, Kian-Lee and Tung, Anthony K. H. and Zhang, Zhenjie},
 title = {On High Dimensional Skylines},
 booktitle = {Proceedings of the 10th International Conference on Advances in Database Technology},
 series = {EDBT'06},
 year = {2006},
 isbn = {3-540-32960-9, 978-3-540-32960-2},
 location = {Munich, Germany},
 pages = {478--495},
 numpages = {18},
 url = {http://dx.doi.org/10.1007/11687238_30},
 doi = {10.1007/11687238_30},
 acmid = {2118017},
 publisher = {Springer-Verlag},
 address = {Berlin, Heidelberg}
} 

@INPROCEEDINGS{1260846, 
author={J. Chomicki and P. Godfrey and J. Gryz and D. Liang}, 
booktitle={Data Engineering, 2003. Proceedings. 19th International Conference on}, 
title={Skyline with presorting}, 
year={2003}, 
pages={717-719}, 
keywords={Pareto analysis;database theory;query processing;relational databases;sorting;Pareto operator;presorting;relational engine;skyline operator;skyline queries;sort-filter-skyline algorithm;Data engineering}, 
doi={10.1109/ICDE.2003.1260846}, 
month={March}
}

@inproceedings{Gollapudi:2009:AAR:1526709.1526761,
 author = {Gollapudi, Sreenivas and Sharma, Aneesh},
 title = {An Axiomatic Approach for Result Diversification},
 booktitle = {Proceedings of the 18th International Conference on World Wide Web},
 series = {WWW '09},
 year = {2009},
 isbn = {978-1-60558-487-4},
 location = {Madrid, Spain},
 pages = {381--390},
 numpages = {10},
 url = {http://doi.acm.org/10.1145/1526709.1526761},
 doi = {10.1145/1526709.1526761},
 acmid = {1526761},
 publisher = {ACM},
 address = {New York, NY, USA},
 keywords = {approximation algorithms, axiomatic framework, diversification, facility dispersion, search engine, wikipedia}
} 

@article{Ilyas:2008:STK:1391729.1391730,
 author = {Ilyas, Ihab F. and Beskales, George and Soliman, Mohamed A.},
 title = {A Survey of Top-k Query Processing Techniques in Relational Database Systems},
 journal = {ACM Comput. Surv.},
 issue_date = {October 2008},
 volume = {40},
 number = {4},
 month = oct,
 year = {2008},
 issn = {0360-0300},
 pages = {11:1--11:58},
 articleno = {11},
 numpages = {58},
 url = {http://doi.acm.org/10.1145/1391729.1391730},
 doi = {10.1145/1391729.1391730},
 acmid = {1391730},
 publisher = {ACM},
 address = {New York, NY, USA},
 keywords = {Top-k, rank aggregation, rank-aware processing, voting}
} 

@INPROCEEDINGS{Koltun05approximatelydominating,
    author = {Vladlen Koltun and Christos H. Papadimitriou},
    title = {Approximately Dominating Representatives},
    booktitle = {In Proc. of the Int. Conf. on Database Theory (ICDT},
    year = {2005},
    pages = {2007}
}

@INPROCEEDINGS{4621533, 
author={M. Kontaki and A. N. Papadopoulos and Y. Manolopoulos}, 
booktitle={Informatics, 2008. PCI '08. Panhellenic Conference on}, 
title={Continuous Top-k Dominating Queries in Subspaces}, 
year={2008}, 
pages={31-35}, 
keywords={grid computing;query processing;set theory;continuous processing;continuous top-k dominating queries;decision support applications;grid-based indexing scheme;preference-based query processing;reorganization costs;search-update operations;Aggregates;Costs;Databases;Decision making;Indexing;Informatics;Multidimensional systems;Personal digital assistants;Query processing;Scalability}, 
doi={10.1109/PCI.2008.45}, 
month={Aug}
}

@inproceedings{Kossmann:2002:SSS:1287369.1287394,
 author = {Kossmann, Donald and Ramsak, Frank and Rost, Steffen},
 title = {Shooting Stars in the Sky: An Online Algorithm for Skyline Queries},
 booktitle = {Proceedings of the 28th International Conference on Very Large Data Bases},
 series = {VLDB '02},
 year = {2002},
 location = {Hong Kong, China},
 pages = {275--286},
 numpages = {12},
 url = {http://dl.acm.org/citation.cfm?id=1287369.1287394},
 acmid = {1287394},
 publisher = {VLDB Endowment}
}

@inproceedings{lee2007telescope,
  title={Telescope: zooming to interesting skylines},
  author={Lee, Jongwuk and You, Gae-won and Hwang, Seung-won},
  booktitle={International Conference on Database Systems for Advanced Applications},
  pages={539--550},
  year={2007},
  organization={Springer}
}


@article{lee2009personalized,
  title={Personalized top-k skyline queries in high-dimensional space},
  author={Lee, Jongwuk and You, Gae-won and Hwang, Seung-won},
  journal={Information Systems},
  volume={34},
  number={1},
  pages={45--61},
  year={2009},
  publisher={Elsevier}
}


@inproceedings{lee2008optimal,
  title={Optimal preference elicitation for skyline queries over categorical domains},
  author={Lee, Jongwuk and You, Gae-won and Hwang, Seung-won and Selke, Joachim and Balke, Wolf-Tilo},
  booktitle={International Conference on Database and Expert Systems Applications},
  pages={610--624},
  year={2008},
  organization={Springer}
}

@article{lee2010z,
  title={Z-SKY: an efficient skyline query processing framework based on Z-order},
  author={Lee, Ken CK and Lee, Wang-Chien and Zheng, Baihua and Li, Huajing and Tian, Yuan},
  journal={The VLDB Journal},
  volume={19},
  number={3},
  pages={333--362},
  year={2010},
  publisher={Springer}
}

@INPROCEEDINGS{4221657, 
author={X. Lin and Y. Yuan and Q. Zhang and Y. Zhang}, 
booktitle={2007 IEEE 23rd International Conference on Data Engineering}, 
title={Selecting Stars: The k Most Representative Skyline Operator}, 
year={2007}, 
pages={86-95}, 
keywords={computational complexity;dynamic programming;randomised algorithms;NP-hard problem;approximation ratio;dynamic programming;exact algorithm;index-based randomized algorithm;multicriteria decision making;polynomial time algorithm;probabilistic counting technique;representative skyline operator;skyline computation;skyline point;Application software;Approximation algorithms;Australia;Computer applications;Computer science;Costs;Databases;Decision making;Dynamic programming;Polynomials}, 
doi={10.1109/ICDE.2007.367854}, 
ISSN={1063-6382}, 
month={April}
}


@MISC{Lofi10efficientcomputation,
    author = {Christoph Lofi and Ulrich G\"untzer and Wolf-Tilo Balke},
    title = {Efficient Computation of Trade-Off Skylines},
    year = {2010}
}

@inproceedings{Magnani:2013:SGS:2452376.2452432,
 author = {Magnani, Matteo and Assent, Ira},
 title = {From Stars to Galaxies: Skyline Queries on Aggregate Data},
 booktitle = {Proceedings of the 16th International Conference on Extending Database Technology},
 series = {EDBT '13},
 year = {2013},
 isbn = {978-1-4503-1597-5},
 location = {Genoa, Italy},
 pages = {477--488},
 numpages = {12},
 url = {http://doi.acm.org/10.1145/2452376.2452432},
 doi = {10.1145/2452376.2452432},
 acmid = {2452432},
 publisher = {ACM},
 address = {New York, NY, USA}
} 

@inproceedings{minack2009current,
  title={Current approaches to search result diversification},
  author={Minack, Enrico and Demartini, Gianluca and Nejdl, Wolfgang},
  booktitle={Proceedings of The First International Workshop on Living Web at the 8th International Semantic Web Conference (ISWC)},
  year={2009},
  organization={Citeseer}
}

@article{Mindolin:2009:DRI:1687627.1687697,
 author = {Mindolin, Denis and Chomicki, Jan},
 title = {Discovering Relative Importance of Skyline Attributes},
 journal = {Proc. VLDB Endow.},
 issue_date = {August 2009},
 volume = {2},
 number = {1},
 month = aug,
 year = {2009},
 issn = {2150-8097},
 pages = {610--621},
 numpages = {12},
 url = {http://dx.doi.org/10.14778/1687627.1687697},
 doi = {10.14778/1687627.1687697},
 acmid = {1687697},
 publisher = {VLDB Endowment}
}

@article{Mindolin:2011:PEP:1969331.1969354,
 author = {Mindolin, Denis and Chomicki, Jan},
 title = {Preference Elicitation in Prioritized Skyline Queries},
 journal = {The VLDB Journal},
 issue_date = {April     2011},
 volume = {20},
 number = {2},
 month = apr,
 year = {2011},
 issn = {1066-8888},
 pages = {157--182},
 numpages = {26},
 url = {http://dx.doi.org/10.1007/s00778-011-0227-9},
 doi = {10.1007/s00778-011-0227-9},
 acmid = {1969354},
 publisher = {Springer-Verlag New York, Inc.},
 address = {Secaucus, NJ, USA},
 keywords = {P-skyline, Preference, Preference query, Skyline}
} 

@article{Nanongkai:2010:RRD:1920841.1920980,
 author = {Nanongkai, Danupon and Sarma, Atish Das and Lall, Ashwin and Lipton, Richard J. and Xu, Jun},
 title = {Regret-minimizing Representative Databases},
 journal = {Proc. VLDB Endow.},
 issue_date = {September 2010},
 volume = {3},
 number = {1-2},
 month = sep,
 year = {2010},
 issn = {2150-8097},
 pages = {1114--1124},
 numpages = {11},
 url = {http://dx.doi.org/10.14778/1920841.1920980},
 doi = {10.14778/1920841.1920980},
 acmid = {1920980},
 publisher = {VLDB Endowment}
} 

@inproceedings{Papadias:2003:OPA:872757.872814,
 author = {Papadias, Dimitris and Tao, Yufei and Fu, Greg and Seeger, Bernhard},
 title = {An Optimal and Progressive Algorithm for Skyline Queries},
 booktitle = {Proceedings of the 2003 ACM SIGMOD International Conference on Management of Data},
 series = {SIGMOD '03},
 year = {2003},
 isbn = {1-58113-634-X},
 location = {San Diego, California},
 pages = {467--478},
 numpages = {12},
 url = {http://doi.acm.org/10.1145/872757.872814},
 doi = {10.1145/872757.872814},
 acmid = {872814},
 publisher = {ACM},
 address = {New York, NY, USA}
} 


@article{papadias2005progressive,
  title={Progressive skyline computation in database systems},
  author={Papadias, Dimitris and Tao, Yufei and Fu, Greg and Seeger, Bernhard},
  journal={ACM Transactions on Database Systems (TODS)},
  volume={30},
  number={1},
  pages={41--82},
  year={2005},
  publisher={ACM}
}

@inproceedings{36988,
title = {Representative Skylines using Threshold-based Preference Distributions},
author  = {Atish Das Sarma and Ashwin Lall and Danupon Nanongkai and Richard J. Lipton and Jim Xu},
year  = 2011,
booktitle = {International Conference on Data Engineering (ICDE)}
}


@INPROCEEDINGS{5480364, 
author={M. A. Siddique and Y. Morimoto}, 
booktitle={2010 International Conference on Information Science and Applications}, 
title={Extended k-dominant Skyline in High Dimensional Space}, 
year={2010}, 
pages={1-8}, 
keywords={performance evaluation;query formulation;extended k-dominant skyline computation;high dimensional space;k-dominant skyline query;query formulation;Data visualization;Decision making;Information retrieval;Information systems;Visual databases}, 
doi={10.1109/ICISA.2010.5480364}, 
ISSN={2162-9048}, 
month={April}
}

@inproceedings{Su:2007:AMA:1418332.1418454,
 author = {Su, Liang and Zou, Peng and Jia, Yan},
 title = {Adaptive Mining the Approximate Skyline over Data Stream},
 booktitle = {Proceedings of the 7th International Conference on Computational Science, Part III: ICCS 2007},
 series = {ICCS '07},
 year = {2007},
 isbn = {978-3-540-72587-9},
 location = {Beijing, China},
 pages = {742--745},
 numpages = {4},
 url = {http://dx.doi.org/10.1007/978-3-540-72588-6_122},
 doi = {10.1007/978-3-540-72588-6_122},
 acmid = {1418454},
 publisher = {Springer-Verlag},
 address = {Berlin, Heidelberg},
 keywords = {Approximate skyline, adaptive algorithm, data mining, data stream}
} 

@inproceedings{Tan:2001:EPS:645927.672217,
 author = {Tan, Kian-Lee and Eng, Pin-Kwang and Ooi, Beng Chin},
 title = {Efficient Progressive Skyline Computation},
 booktitle = {Proceedings of the 27th International Conference on Very Large Data Bases},
 series = {VLDB '01},
 year = {2001},
 isbn = {1-55860-804-4},
 pages = {301--310},
 numpages = {10},
 url = {http://dl.acm.org/citation.cfm?id=645927.672217},
 acmid = {672217},
 publisher = {Morgan Kaufmann Publishers Inc.},
 address = {San Francisco, CA, USA}
} 


@inproceedings{Tao:2009:DRS:1546683.1547325,
 author = {Tao, Yufei and Ding, Ling and Lin, Xuemin and Pei, Jian},
 title = {Distance-Based Representative Skyline},
 booktitle = {Proceedings of the 2009 IEEE International Conference on Data Engineering},
 series = {ICDE '09},
 year = {2009},
 isbn = {978-0-7695-3545-6},
 pages = {892--903},
 numpages = {12},
 url = {http://dx.doi.org/10.1109/ICDE.2009.84},
 doi = {10.1109/ICDE.2009.84},
 acmid = {1547325},
 publisher = {IEEE Computer Society},
 address = {Washington, DC, USA}
} 

@article{Vassilvitskii:2005:ECS:1132633.1132648,
 author = {Vassilvitskii, Sergei and Yannakakis, Mihalis},
 title = {Efficiently Computing Succinct Trade-off Curves},
 journal = {Theor. Comput. Sci.},
 issue_date = {8 December 2005},
 volume = {348},
 number = {2},
 month = dec,
 year = {2005},
 issn = {0304-3975},
 pages = {334--356},
 numpages = {23},
 url = {http://dx.doi.org/10.1016/j.tcs.2005.09.022},
 doi = {10.1016/j.tcs.2005.09.022},
 acmid = {1132648},
 publisher = {Elsevier Science Publishers Ltd.},
 address = {Essex, UK},
 keywords = {Pareto set, approximation algorithms, multicriteria problems, multiobjective optimization}
} 


@article{vlachou2010ranking,
  title={Ranking the sky: Discovering the importance of skyline points through subspace dominance relationships},
  author={Vlachou, Akrivi and Vazirgiannis, Michalis},
  journal={Data \& Knowledge Engineering},
  volume={69},
  number={9},
  pages={943--964},
  year={2010},
  publisher={Elsevier}
}

@inproceedings{Xia:2008:SFD:1546682.1547149,
 author = {Xia, Tian and Zhang, Donghui and Tao, Yufei},
 title = {On Skylining with Flexible Dominance Relation},
 booktitle = {Proceedings of the 2008 IEEE 24th International Conference on Data Engineering},
 series = {ICDE '08},
 year = {2008},
 isbn = {978-1-4244-1836-7},
 pages = {1397--1399},
 numpages = {3},
 url = {http://dx.doi.org/10.1109/ICDE.2008.4497568},
 doi = {10.1109/ICDE.2008.4497568},
 acmid = {1547149},
 publisher = {IEEE Computer Society},
 address = {Washington, DC, USA}
} 

@article{Yiu:2009:MTD:1553321.1553325,
 author = {Yiu, Man Lung and Mamoulis, Nikos},
 title = {Multi-dimensional Top-k Dominating Queries},
 journal = {The VLDB Journal},
 issue_date = {June      2009},
 volume = {18},
 number = {3},
 month = jun,
 year = {2009},
 issn = {1066-8888},
 pages = {695--718},
 numpages = {24},
 url = {http://dx.doi.org/10.1007/s00778-008-0117-y},
 doi = {10.1007/s00778-008-0117-y},
 acmid = {1553325},
 publisher = {Springer-Verlag New York, Inc.},
 address = {Secaucus, NJ, USA},
 keywords = {Preference dominance, Score counting, Top-k retrieval}
} 

@article{zhang2010understanding,
  title={Understanding the meaning of a shifted sky: a general framework on extending skyline query},
  author={Zhang, Zhenjie and Lu, Hua and Ooi, Beng Chin and Tung, Anthony K},
  journal={The VLDB Journal—The International Journal on Very Large Data Bases},
  volume={19},
  number={2},
  pages={181--201},
  year={2010},
  publisher={Springer-Verlag New York, Inc.}
}


@INPROCEEDINGS{Zhao10callto,
    author = {Feng Zhao and Gautam Das and Kian-lee Tan and Anthony K. H. Tung},
    title = {Call to order: A hierarchical browsing approach to eliciting users preference},
    booktitle = {In SIGMOD},
    year = {2010},
    pages = {27--38}
}

%%%%%%%%%%%%%%%%%%%%%%%%%%%%%%%%%%%%%%%%%%%%%%%%%%%%%%%%%5

@article{kiessling2011preference,
  title={The Preference SQL System-An Overview.},
  author={Kie{\ss}ling, Werner and Endres, Markus and Wenzel, Florian},
  journal={IEEE Data Eng. Bull.},
  volume={34},
  number={2},
  pages={11--18},
  year={2011}
}

@inproceedings{kiessling2002foundations,
  title={Foundations of preferences in database systems},
  author={Kie{\ss}ling, Werner},
  booktitle={Proceedings of the 28th international conference on Very Large Data Bases},
  pages={311--322},
  year={2002},
  organization={VLDB Endowment}
}

@inproceedings{kiessling2002preference,
  title={Preference sql: design, implementation, experiences},
  author={Kie{\ss}ling, Werner and K{\"o}stler, Gerhard},
  booktitle={Proceedings of the 28th international conference on Very Large Data Bases},
  pages={990--1001},
  year={2002},
  organization={VLDB Endowment}
}

@article{DBLP:journals/corr/abs-1207-6329,
  author    = {Sean Chester and
               Alex Thomo and
               S. Venkatesh and
               Sue Whitesides},
  title     = {Computing optimal k-regret minimizing sets with top-k depth contours},
  journal   = {CoRR},
  volume    = {abs/1207.6329},
  year      = {2012},
  url       = {http://arxiv.org/abs/1207.6329},
  timestamp = {Sun, 03 May 2015 16:35:58 +0200},
  biburl    = {http://dblp.uni-trier.de/rec/bib/journals/corr/abs-1207-6329},
  bibsource = {dblp computer science bibliography, http://dblp.org}
}

@inproceedings{cai2015efficient,
  title={Efficient Algorithms for Distance-Based Representative Skyline Computation in 2D Space},
  author={Cai, Taotao and Li, Rong-Hua and Yu, Jeffrey Xu and Mao, Rui and Cai, Yadi},
  booktitle={Asia-Pacific Web Conference},
  pages={116--128},
  year={2015},
  organization={Springer}
}

@incollection{bai2016distance,
  title={The Distance-Based Representative Skyline Calculation Using Unsupervised Extreme Learning Machines},
  author={Bai, Mei and Xin, Junchang and Wang, Guoren and Wang, Xite},
  booktitle={Proceedings of ELM-2015 Volume 1},
  pages={107--119},
  year={2016},
  publisher={Springer}
}

@article{huang2006extreme,
  title={Extreme learning machine: theory and applications},
  author={Huang, Guang-Bin and Zhu, Qin-Yu and Siew, Chee-Kheong},
  journal={Neurocomputing},
  volume={70},
  number={1},
  pages={489--501},
  year={2006},
  publisher={Elsevier}
}

@article{magnani2014taking,
  title={Taking the Big Picture: representative skylines based on significance and diversity},
  author={Magnani, Matteo and Assent, Ira and Mortensen, Michael L},
  journal={The VLDB Journal},
  volume={23},
  number={5},
  pages={795--815},
  year={2014},
  publisher={Springer}
}

@INPROCEEDINGS{BCDG+07,
author = {Michael R. Berthold and Nicolas Cebron and Fabian Dill and Thomas R. Gabriel and Tobias K\"{o}tter and Thorsten Meinl and Peter Ohl and Christoph Sieb and Kilian Thiel and Bernd Wiswedel},
title = {{KNIME}: The {K}onstanz {I}nformation {M}iner},
booktitle = {Studies in Classification, Data Analysis, and Knowledge Organization (GfKL 2007)},
publisher = {Springer},
ISBN = {978-3-540-78239-1},
ISSN = {1431-8814},
year = {2007}
}

@misc{EXASolution,
  title = {EXASolution User Manual},
  howpublished = {\url{https://www.exasol.com/portal/display/UM/User+Manual}},
  pages = {239--241},
  note = {Accessed: 2016-09-12}
}
